@Article{Multipaths,
  author={Jin Y. Yen},
  title={{Finding the K Shortest Loopless Paths in a Network}},
  journal={Management Science},
  year=1971,
  volume={17},
  number={11},
  pages={712-716},
  month={July}
}

@inproceedings{SMT2013infocom,
  title={Traffic engineering in software defined networks},
  author={Agarwal, Sugam and Kodialam, Murali and Lakshman, TV},
  booktitle={IEEE INFOCOM},
  pages={2211--2219},
  year={2013}
}

@inproceedings{HKMZ2013Sigcomm,
  title={Achieving high utilization with software-driven WAN},
  author={Hong, Chi-Yao and Kandula, Srikanth and Mahajan, Ratul and Zhang, Ming and Gill, Vijay and Nanduri, Mohan and Wattenhofer, Roger},
  booktitle={ACM SIGCOMM},
  pages={15--26},
  year={2013}
}

@inproceedings{SASJ2013Sigcomm,
  title={B4: Experience with a globally-deployed software defined WAN},
  author={Jain, Sushant and Kumar, Alok and Mandal, Subhasree and Ong, Joon and Poutievski, Leon and Singh, Arjun and Venkata, Subbaiah and Wanderer, Jim and Zhou, Junlan and Zhu, Min and others},
  booktitle={ACM SIGCOMM},
  pages={3--14},
  year={2013}
}


@inproceedings{BCKR2011sigcomm,
  title={Towards predictable datacenter networks},
  author={Ballani, Hitesh and Costa, Paolo and Karagiannis, Thomas and Rowstron, Ant},
  booktitle={ACM Computer Communication Review},
  volume={41},
  number={4},
  pages={242--253},
  year={2011}
}


@MISC{OpenflowOrg,
  title =        {The Openflow Switch},
  howpublished = {\url{openflowswitch.org}},
}

@MISC{MininetOrg,
  title =        {The Mininet Platform},
  howpublished = {\url{http://mininet.org/}},
}

@MISC{MonashTopo,
  title =        {The Network Topology from the Monash University},
  howpublished = {\url{http://www.ecse.monash.edu.au/twiki/bin/view/InFocus/LargePacket-switchingNetworkTopologies}},
}




@article{estan2004building,
  title={Building a better NetFlow},
  author={Estan, Cristian and Keys, Ken and Moore, David and Varghese, George},
  journal={ACM SIGCOMM Computer Communication Review},
  volume={34},
  number={4},
  pages={245--256},
  year={2004},
  publisher={ACM}
}


@inproceedings{hu2006optimal,
  title={Optimal deployment of distributed passive measurement monitors},
  author={Hu, Chengchen and Liu, Bin and Liu, Zhen and Gao, Shifang and Wu, Dapeng},
  booktitle={IEEE International Conference on Communications},
  volume={2},
  pages={621--626},
  year={2006},
  organization={IEEE}
}

@article{suh2006locating,
  title={Locating network monitors: complexity, heuristics, and coverage},
  author={Suh, Kyoungwon and Guo, Yang and Kurose, Jim and Towsley, Don},
  journal={Computer Communications},
  volume={29},
  number={10},
  pages={1564--1577},
  year={2006},
  publisher={Elsevier}
}

@article{claise2004cisco,
  title={Cisco systems NetFlow services export version 9},
  author={Claise, Benoit},
  year={2004}
}

@inproceedings{hao2005fast,
  title={Fast, memory-efficient traffic estimation by coincidence counting},
  author={Hao, Fang and Kodialam, Murali and Lakshman, TV and Zhang, Hui},
  booktitle={INFOCOM 2005. 24th Annual Joint Conference of the IEEE Computer and Communications Societies. Proceedings IEEE},
  volume={3},
  pages={2080--2090},
  year={2005},
  organization={IEEE}
}

@article{choi2002adaptive,
  title={Adaptive packet sampling for flow volume measurement},
  author={Choi, Baek-Young and Park, Jaesung and Zhang, Zhi-Li},
  journal={ACM SIGCOMM Computer Communication Review},
  volume={32},
  number={3},
  pages={9--9},
  year={2002}
}

@inproceedings{curtis2011devoflow,
  title={DevoFlow: Scaling flow management for high-performance networks},
  author={Curtis, Andrew R and Mogul, Jeffrey C and Tourrilhes, Jean and Yalagandula, Praveen and Sharma, Puneet and Banerjee, Sujata},
  booktitle={ACM SIGCOMM Computer Communication Review},
  volume={41},
  number={4},
  pages={254--265},
  year={2011},
  organization={ACM}
}


@inproceedings{hu2008accurate,
  title={Accurate and efficient traffic monitoring using adaptive non-linear sampling method},
  author={Hu, Chengchen and Wang, Sheng and Tian, Jia and Liu, Bin and Cheng, Yu and Chen, Yan},
  booktitle={INFOCOM 2008. The 27th Conference on Computer Communications. IEEE},
  year={2008},
  organization={IEEE}
}

@inproceedings{barakat2005ranking,
  title={Ranking flows from sampled traffic},
  author={Barakat, Chadi and Iannaccone, Gianluca and Diot, Christophe},
  booktitle={Proceedings of the 2005 ACM conference on Emerging network experiment and technology},
  pages={188--199},
  year={2005},
  organization={ACM}
}

@article{bourgeois2009efficient,
  title={Efficient approximation of min set cover by moderately exponential algorithms},
  author={Bourgeois, Nicolas and Escoffier, Bruno and Paschos, V Th},
  journal={Theoretical Computer Science},
  volume={410},
  number={21},
  pages={2184--2195},
  year={2009},
  publisher={Elsevier}
}

@article{feige1998threshold,
  title={A threshold of ln n for approximating set cover},
  author={Feige, Uriel},
  journal={Journal of the ACM (JACM)},
  volume={45},
  number={4},
  pages={634--652},
  year={1998},
  publisher={ACM}
}

%@inproceedings{al2010hedera,
%  title={Hedera: Dynamic Flow Scheduling for Data Center Networks.},
%  author={Al-Fares, Mohammad and Radhakrishnan, Sivasankar and Raghavan, Barath and Huang, Nelson and Vahdat, Amin},
%  booktitle={NSDI},
%  volume={10},
%  pages={19--19},
%  year={2010}
%}



@inproceedings{malboubi2014intelligent,
  title={Intelligent SDN based traffic (de) Aggregation and Measurement Paradigm (iSTAMP)},
  author={Malboubi, Mehdi and Wang, Liyuan and Chuah, Chen-Nee and Sharma, Puneet},
  booktitle={INFOCOM, 2014 Proceedings IEEE},
  pages={934--942},
  year={2014},
  organization={IEEE}
}


@article{raghavan1987randomized,
  title={Randomized rounding: a technique for provably good algorithms and algorithmic proofs},
  author={Raghavan, Prabhakar and Tompson, Clark D},
  journal={Combinatorica},
  volume={7},
  number={4},
  pages={365--374},
  year={1987},
  publisher={Springer}
}

@inproceedings{choi2002adaptive,
  title={Adaptive random sampling for load change detection},
  author={Choi, Baek-Young and Park, Jaesung and Zhang, Zhi-Li},
  booktitle={ACM SIGMETRICS Performance Evaluation Review},
  volume={30},
  number={1},
  pages={272--273},
  year={2002},
  organization={ACM}
}

@inproceedings{medina2002traffic,
  title={Traffic matrix estimation: Existing techniques and new directions},
  author={Medina, Alberto and Taft, Nina and Salamatian, Kave and Bhattacharyya, Supratik and Diot, Christophe},
  booktitle={ACM SIGCOMM Computer Communication Review},
  volume={32},
  number={4},
  pages={161--174},
  year={2002},
  organization={ACM}
}

@article{dinur2005hardness,
  title={On the hardness of approximating minimum vertex cover},
  author={Dinur, Irit and Safra, Samuel},
  journal={Annals of mathematics},
  pages={439--485},
  year={2005},
  publisher={JSTOR}
}

@MISC{Flowduration,
  title =        {Mining Network Traffic Data},
  howpublished = {\url{http://ieee-cas.org/wp-content/uploads/2011/03/Trajkovic_mining_network_traffic_data.pdf}},
}

@book{vazirani2013approximation,
  title={Approximation algorithms},
  author={Vazirani, Vijay V},
  year={2013},
  publisher={Springer Science \& Business Media}
}

@MISC{hp5406zl,
  title =        {HP ProCurve 5400 zl switch series},
  howpublished = {\url{http://h17007.www1.hp.com/us/en/products/switches/HP_E5400_zl_Switch_Series/index.aspx}},
}

@inproceedings{raiciu2010data,
  title={Data center networking with multipath TCP},
  author={Raiciu, Costin and Pluntke, Christopher and Barre, Sebastien and Greenhalgh, Adam and Wischik, Damon and Handley, Mark},
  booktitle={Proceedings of the 9th ACM SIGCOMM Workshop on Hot Topics in Networks},
  pages={10},
  year={2010},
  organization={ACM}
}

@article{moy1997ospf,
  title={OSPF version 2},
  author={Moy, John},
  year={1997}
}

@inproceedings{su2014flowcover,
  title={FlowCover: Low-cost flow monitoring scheme in software defined networks},
  author={Su, Zhiyang and Wang, Ting and Xia, Yu and Hamdi, Mounir},
  booktitle={Global Communications Conference (GLOBECOM)},
  pages={1956--1961},
  year={2014},
  organization={IEEE}
}

@article{su2015cemon,
  title={CeMon: A cost-effective flow monitoring system in software defined networks},
  author={Su Zhiyang and Wang, Ting and Xia, Yu and Hamdi, Mounir},
  journal={Computer Networks},
  volume={92},
  pages={101--115},
  year={2015},
  publisher={Elsevier}
}

@article{gandhi2004approximation,
  title={Approximation algorithms for partial covering problems},
  author={Gandhi, Rajiv and Khuller, Samir and Srinivasan, Aravind},
  journal={Journal of Algorithms},
  volume={53},
  number={1},
  pages={55--84},
  year={2004},
  publisher={Elsevier}
}

@article{liu2013zupdate,
  title={zUpdate: Updating data center networks with zero loss},
  author={Liu, Hongqiang Harry and Wu, Xin and Zhang, Ming and Yuan, Lihua and Wattenhofer, Roger and Maltz, David},
  journal={ACM SIGCOMM Computer Communication Review},
  volume={43},
  number={4},
  pages={411--422},
  year={2013},
  publisher={ACM}
}

@inproceedings{jin2014dynamic,
  title={Dynamic scheduling of network updates},
  author={Jin, Xin and Liu, Hongqiang Harry and Gandhi, Rohan and Kandula, Srikanth and Mahajan, Ratul and Zhang, Ming and Rexford, Jennifer and Wattenhofer, Roger},
  booktitle={Proceedings of the 2014 ACM conference on SIGCOMM},
  pages={539--550},
  year={2014},
  organization={ACM}
}

@article{lenstra1990approximation,
  title={Approximation algorithms for scheduling unrelated parallel machines},
  author={Lenstra, Jan Karel and Shmoys, David B and Tardos, {\'E}va},
  journal={Mathematical programming},
  volume={46},
  number={1-3},
  pages={259--271},
  year={1990},
  publisher={Springer}
}

@inproceedings{tootoonchian2010opentm,
  title={OpenTM: traffic matrix estimator for OpenFlow networks},
  author={Tootoonchian, Amin and Ghobadi, Monia and Ganjali, Yashar},
  booktitle={International Conference on Passive and Active Network Measurement},
  pages={201--210},
  year={2010},
  organization={Springer}
}

@inproceedings{bari2013policycop,
  title={PolicyCop: an autonomic QoS policy enforcement framework for software defined networks},
  author={Bari, Md Faizul and Chowdhury, Shihabur Rahman and Ahmed, Reaz and Boutaba, Raouf},
  booktitle={Future Networks and Services (SDN4FNS), 2013 IEEE SDN for},
  pages={1--7},
  year={2013},
  organization={IEEE}
}

@inproceedings{lim2014sdn,
  title={A SDN-oriented DDoS blocking scheme for botnet-based attacks},
  author={Lim, Sharon and Ha, J and Kim, H and Kim, Y and Yang, S},
  booktitle={2014 Sixth International Conference on Ubiquitous and Future Networks (ICUFN)},
  pages={63--68},
  year={2014},
  organization={IEEE}
}

@article{wang2015ddos,
  title={DDoS attack protection in the era of cloud computing and software-defined networking},
  author={Wang, Bing and Zheng, Yao and Lou, Wenjing and Hou, Y Thomas},
  journal={Computer Networks},
  volume={81},
  pages={308--319},
  year={2015},
  publisher={Elsevier}
}

@article{yan2016software,
  title={Software-defined networking (SDN) and distributed denial of service (DDoS) attacks in cloud computing environments: A survey, some research issues, and challenges},
  author={Yan, Qiao and Yu, F Richard and Gong, Qingxiang and Li, Jianqiang},
  journal={IEEE Communications Surveys \& Tutorials},
  volume={18},
  number={1},
  pages={602--622},
  year={2016},
  publisher={IEEE}
}

@inproceedings{wang2016dynamic,
  title={Dynamic SDN Controller Assignment in Data Center Networks: Stable Matching with Transfers},
  author={Wang, Tao and Liu, Fangming and Guo, Jian and Xu, Hong},
  booktitle={Proc. of INFOCOM},
  year={2016}
}

@inproceedings{koponen2014network,
  title={Network virtualization in multi-tenant datacenters},
  author={Koponen, Teemu and Amidon, Keith and Balland, Peter and Casado, Mart{\'\i}n and Chanda, Anupam and Fulton, Bryan and Ganichev, Igor and Gross, Jesse and Ingram, Paul and Jackson, Ethan and others},
  booktitle={11th USENIX Symposium on Networked Systems Design and Implementation},
  pages={203--216},
  year={2014}
}


@inproceedings{kandula2009nature,
  title={The nature of data center traffic: measurements \& analysis},
  author={Kandula, Srikanth and Sengupta, Sudipta and Greenberg, Albert and Patel, Parveen and Chaiken, Ronnie},
  booktitle={Proceedings of the 9th ACM SIGCOMM conference on Internet measurement conference},
  pages={202--208},
  year={2009},
  organization={ACM}
}


@inproceedings{ahn2009hyperx,
  title={HyperX: topology, routing, and packaging of efficient large-scale networks},
  author={Ahn, Jung Ho and Binkert, Nathan and Davis, Al and McLaren, Moray and Schreiber, Robert S},
  booktitle={Proceedings of the Conference on High Performance Computing Networking, Storage and Analysis},
  pages={41},
  year={2009},
  organization={ACM}
}

@misc{pfaff2012openflow,
  title={Openflow switch specification v1.3.0},
  author={Pfaff, Ben and others},
  year={2012}
}

@inproceedings{hu2015cracking,
  title={Cracking Network Monitoring in DCNs with SDN},
  author={Hu, Zhiming and Luo, Jun},
  booktitle={Proc. IEEE INFOCOM},
  year={2015}
}

@inproceedings{al2008scalable,
  title={A scalable, commodity data center network architecture},
  author={Al-Fares, Mohammad and Loukissas, Alexander and Vahdat, Amin},
  booktitle={ACM SIGCOMM Computer Communication Review},
  volume={38},
  number={4},
  pages={63--74},
  year={2008},
  organization={ACM}
}


@article{zhao2016design,
  title={Design and implementation of Software Defined Hardware Counters for SDN},
  author={Zhao, Tao and Li, Tao and Han, Biao and Sun, Zhigang and Huang, Jinfeng},
  journal={Computer Networks},
  volume={102},
  pages={129--144},
  year={2016},
  publisher={Elsevier}
}

@inproceedings{gong2015towards,
  title={Towards accurate online traffic matrix estimation in software-defined networks},
  author={Gong, Yanlei and Wang, Xiong and Malboubi, Mehdi and Wang, Sheng and Xu, Shizhong and Chuah, Chen-Nee},
  booktitle={Proceedings of the 1st ACM SIGCOMM Symposium on Software Defined Networking Research},
  pages={26},
  year={2015},
  organization={ACM}
}

@article{rasley2015planck,
  title={Planck: Millisecond-scale monitoring and control for commodity networks},
  author={Rasley, Jeff and Stephens, Brent and Dixon, Colin and Rozner, Eric and Felter, Wes and Agarwal, Kanak and Carter, John and Fonseca, Rodrigo},
  journal={ACM SIGCOMM Computer Communication Review},
  volume={44},
  number={4},
  pages={407--418},
  year={2015},
  publisher={ACM}
}

@article{aslan2016impact,
  title={On the Impact of Network State Collection on the Performance of SDN Applications},
  author={Aslan, Mohamed and Matrawy, Ashraf},
  journal={IEEE Communications Letters},
  volume={20},
  number={1},
  pages={5--8},
  year={2016},
  publisher={IEEE}
}

@article{moshref2015scream,
  title={SCREAM: Sketch Resource Allocation for Software-defined Measurement},
  author={Moshref, Masoud and Yu, Minlan and Govindan, Ramesh and Vahdat, Amin},
  journal={CoNEXT, Heidelberg, Germany},
  year={2015}
}

@inproceedings{xu2016fastupdate,
  title={Real-time Update with Joint Optimization of Route Selection and Update Scheduling for SDNs},
  author={Xu, Hongli and Yu, Zhuolong and Li, Xiang-Yang and Qian, Chen and Huang, Liusheng},
  booktitle={IEEE ICNP 2016},
  pages={},
  year={2016}
}

@inproceedings{xu2016high,
  title={High-throughput anycast routing and congestion-free reconfiguration for SDNs},
  author={Xu, Hongli and Li, Xiangyang and Huang, Liusheng and Wang, Jianxin and Leng, Bing},
  booktitle={Quality of Service (IWQoS), 2016 IEEE/ACM 24th International Symposium on},
  pages={1--6},
  year={2016},
  organization={IEEE}
}

@MISC{cmulec10,
	title={Approximations Algorithms},
	author={Anupam Gupta},
	year={2005},
	publisher={Carnegie Mellon University}
}

@misc{ryu2016framework,
  title={Framework Community: Ryu sdn controller},
  author={Ryu, SDN},
  year={2016}
}

@MISC{OpenvSwitch,
  title =        {Open vswitch},
  howpublished = {\url{http://openvswitch.org/}},
}

@inproceedings{li2016flowradar,
  title={FlowRadar: A Better NetFlow for Data Centers.},
  author={Li, Yuliang and Miao, Rui and Kim, Changhoon and Yu, Minlan},
  booktitle={NSDI},
  pages={311--324},
  year={2016}
}

@inproceedings{huang2017sketchvisor,
  title={SketchVisor: Robust Network Measurement for Software Packet Processing},
  author={Huang, Qun and Jin, Xin and Lee, Patrick PC and Li, Runhui and Tang, Lu and Chen, Yi-Chao and Zhang, Gong},
  booktitle={Proceedings of the Conference of the ACM Special Interest Group on Data Communication},
  pages={113--126},
  year={2017},
  organization={ACM}
}

@article{KXW06,
  title={Space-code bloom filter for efficient per-flow traffic measurement},
  author={Kumar, A. and Xu, J. and Wang, J.},
  journal={IEEE Journal on Selected Areas in Communications},
  volume={24},
  number={12},
  pages={2327--2339},
  year={2006}
}

@article{li2012per,
  author = {T. Li and S. Chen and Y. Ling},
  title = {Per-flow traffic measurement through randomized counter sharing},
  journal = {Networking, IEEE/ACM Transactions on},
  volume = {20},
  number = {5},
  pages = {1622--1634},
  year = {2012},
  publisher = {IEEE}
}

@inproceedings{xu2017scalable,
  title={Scalable software-defined networking through hybrid switching},
  author={Xu, Hongli and Huang, He and Chen, Shigang and Zhao, Gongming},
  booktitle={INFOCOM 2017-IEEE Conference on Computer Communications, IEEE},
  pages={1--9},
  year={2017},
  organization={IEEE}
}

@inproceedings{cohen2014effect,
  title={On the effect of forwarding table size on SDN network utilization},
  author={Cohen, Reuven and Lewin-Eytan, Liane and Naor, Joseph Seffi and others},
  booktitle={Proc. IEEE INFOCOM},
  pages={1734--1742},
  year={2014},
  organization={IEEE}
}


@inproceedings{wang2014scotch,
  title={Scotch: Elastically scaling up sdn control-plane using vswitch based overlay},
  author={Wang, An and Guo, Yang and Hao, Fang and Lakshman, TV and Chen, Songqing},
  booktitle={Proceedings of the 10th ACM International on Conference on emerging Networking Experiments and Technologies},
  pages={403--414},
  year={2014},
  organization={ACM}
}

@article{BitMap2003ACM,
  title={Bitmap algorithms for counting active flows on high speed links},
  author={C Estan,G Varghese,M Fisk},
  journal={Acm Sigcomm Conference on Internet Measurement},
  volume={14},
  number={5},
  pages={153--166},
  year={2003}
}

@book{papadimitriou1998combinatorial,
  title={Combinatorial optimization: algorithms and complexity},
  author={Papadimitriou, Christos H and Steiglitz, Kenneth},
  year={1998},
  publisher={Courier Corporation}
}

@article{charikar2004finding,
  title={Finding frequent items in data streams},
  author={Charikar, Moses and Chen, Kevin and Farach-Colton, Martin},
  journal={Theoretical Computer Science},
  volume={312},
  number={1},
  pages={3--15},
  year={2004},
  publisher={Elsevier}
}

@article{BloomFilter2004InternetMathematics,
  title={Network Applications of Bloom Filters: A Survey},
  author={Andrei Broder and Michael Mitzenmacher},
  journal={Internet Mathematics},
  volume={1},
  number={4},
  pages={485--509},
  year={2004}
}

@inproceedings{xu2017minimizing,
  title={Minimizing flow statistics collection cost of SDN using wildcard requests},
  author={Xu, Hongli and Yu, Zhuolong and Qian, Chen and Li, Xiang-Yang and Liu, Zichun},
  booktitle={INFOCOM 2017-IEEE Conference on Computer Communications, IEEE},
  pages={1--9},
  year={2017},
  organization={IEEE}
}

@inproceedings{li2008proportional,
  title={Proportional fairness in multi-rate wireless LANs},
  author={Li, Li and Pal, Martin and Yang, Yang Richard},
  booktitle={INFOCOM 2008. The 27th Conference on Computer Communications. IEEE},
  pages={1004--1012},
  year={2008},
  organization={IEEE}
}

@article{li2014ap,
  title={AP association for proportional fairness in multirate WLANs},
  author={Li, Wei and Wang, Shengling and Cui, Yong and Cheng, Xiuzhen and Xin, Ran and Al-Rodhaan, Mznah A and Al-Dhelaan, Abdullah},
  journal={IEEE/ACM Transactions on Networking (TON)},
  volume={22},
  number={1},
  pages={191--202},
  year={2014},
  publisher={IEEE Press}
}

@article{sezer2013we,
  title={Are we ready for SDN? Implementation challenges for software-defined networks},
  author={Sezer, Sakir and Scott-Hayward, Sandra and Chouhan, Pushpinder Kaur and Fraser, Barbara and Lake, David and Finnegan, Jim and Viljoen, Niel and Miller, Marc and Rao, Navneet},
  journal={IEEE Communications Magazine},
  volume={51},
  number={7},
  pages={36--43},
  year={2013},
  publisher={IEEE}
}


@article{chang2015leisure,
  title={Leisure: Load-balanced network-wide traffic measurement and monitor placement},
  author={Chang, Chia-Wei and Huang, Guanyao and Lin, Bill and Chuah, Chen-Nee},
  journal={IEEE Transactions on Parallel and Distributed Systems},
  volume={26},
  number={4},
  pages={1059--1070},
  year={2015},
  publisher={IEEE}
}

@article{suh2006locating,
  title={Locating network monitors: complexity, heuristics, and coverage},
  author={Suh, Kyoungwon and Guo, Yang and Kurose, Jim and Towsley, Don},
  journal={Computer Communications},
  volume={29},
  number={10},
  pages={1564--1577},
  year={2006},
  publisher={Elsevier}
}

@inproceedings{chaudet2005optimal,
  title={Optimal positioning of active and passive monitoring devices},
  author={Chaudet, Claude and Fleury, Eric and Lassous, Isabelle Gu{\'e}rin and Rivano, Herv{\'e} and Voge, Marie-Emilie},
  booktitle={Proceedings of the 2005 ACM conference on Emerging network experiment and technology},
  pages={71--82},
  year={2005},
  organization={ACM}
}

@inproceedings{sekar2008csamp,
  title={cSamp: A System for Network-Wide Flow Monitoring.},
  author={Sekar, Vyas and Reiter, Michael K and Willinger, Walter and Zhang, Hui and Kompella, Ramana Rao and Andersen, David G},
  booktitle={NSDI},
  volume={8},
  pages={233--246},
  year={2008}
}

@article{lukovszki2016s,
  title={It's a match!: Near-optimal and incremental middlebox deployment},
  author={Lukovszki, Tamas and Rost, Matthias and Schmid, Stefan},
  journal={ACM SIGCOMM Computer Communication Review},
  volume={46},
  number={1},
  pages={30--36},
  year={2016},
  publisher={ACM}
}

@inproceedings{chou2003practical,
  title={Practical network coding},
  author={Chou, Philip A and Wu, Yunnan and Jain, Kamal},
  booktitle={Proceedings of the annual Allerton conference on communication control and computing},
  volume={41},
  number={1},
  pages={40--49},
  year={2003},
  organization={The University; 1998}
}

@article{spring2002measuring,
  title={Measuring ISP topologies with Rocketfuel},
  author={Spring, Neil and Mahajan, Ratul and Wetherall, David},
  journal={ACM SIGCOMM Computer Communication Review},
  volume={32},
  number={4},
  pages={133--145},
  year={2002},
  publisher={ACM}
}

@inproceedings{al2008scalable,
  title={A scalable, commodity data center network architecture},
  author={Al-Fares, Mohammad and Loukissas, Alexander and Vahdat, Amin},
  booktitle={ACM SIGCOMM Computer Communication Review},
  volume={38},
  number={4},
  pages={63--74},
  year={2008},
  organization={ACM}
}


@inproceedings{curtis2011devoflow,
  title={DevoFlow: scaling flow management for high-performance networks},
  author={Curtis, Andrew R and Mogul, Jeffrey C and Tourrilhes, Jean and Yalagandula, Praveen and Sharma, Puneet and Banerjee, Sujata},
  booktitle={ACM SIGCOMM Computer Communication Review},
  volume={41},
  number={4},
  pages={254--265},
  year={2011},
  organization={ACM}
}

@inproceedings{ma2014monitor,
  title={Monitor placement for maximal identifiability in network tomography},
  author={Ma, Liang and He, Ting and Leung, Kin K and Swami, Ananthram and Towsley, Don},
  booktitle={INFOCOM, 2014 Proceedings IEEE},
  pages={1447--1455},
  year={2014},
  organization={IEEE}
}


@inproceedings{clayman2014dynamic,
  title={The dynamic placement of virtual network functions},
  author={Clayman, Stuart and Maini, Elisa and Galis, Alex and Manzalini, Antonio and Mazzocca, Nicola},
  booktitle={Network Operations and Management Symposium (NOMS), 2014 IEEE},
  pages={1--9},
  year={2014},
  organization={IEEE}
}

@inproceedings{breitgand2011sla,
  title={SLA-aware placement of multi-virtual machine elastic services in compute clouds},
  author={Breitgand, David and Epstein, Amir},
  booktitle={Integrated Network Management (IM), 2011 IFIP/IEEE International Symposium on},
  pages={161--168},
  year={2011},
  organization={IEEE}
}

@inproceedings{breitgand2012improving,
  title={Improving consolidation of virtual machines with risk-aware bandwidth oversubscription in compute clouds},
  author={Breitgand, David and Epstein, Amir},
  booktitle={INFOCOM, 2012 Proceedings IEEE},
  pages={2861--2865},
  year={2012},
  organization={IEEE}
}

@inproceedings{sekar2012design,
  title={Design and implementation of a consolidated middlebox architecture},
  author={Sekar, Vyas and Egi, Norbert and Ratnasamy, Sylvia and Reiter, Michael K and Shi, Guangyu},
  booktitle={Proceedings of the 9th USENIX conference on Networked Systems Design and Implementation},
  pages={24--24},
  year={2012},
  organization={USENIX Association}
}

@inproceedings{anderson2012xomb,
  title={xOMB: extensible open middleboxes with commodity servers},
  author={Anderson, James W and Braud, Ryan and Kapoor, Rishi and Porter, George and Vahdat, Amin},
  booktitle={Proceedings of the eighth ACM/IEEE symposium on Architectures for networking and communications systems},
  pages={49--60},
  year={2012},
  organization={ACM}
}

@inproceedings{zhang2013steering,
  title={Steering: A software-defined networking for inline service chaining},
  author={Zhang, Ying and Beheshti, Neda and Beliveau, Ludovic and Lefebvre, Geoffrey and Manghirmalani, Ravi and Mishra, Ramesh and Patneyt, Ritun and Shirazipour, Meral and Subrahmaniam, Ramesh and Truchan, Catherine and others},
  booktitle={Network Protocols (ICNP), 2013 21st IEEE International Conference on},
  pages={1--10},
  year={2013},
  organization={IEEE}
}

@inproceedings{xu2014t,
  title={T-storm: Traffic-aware online scheduling in storm},
  author={Xu, Jielong and Chen, Zhenhua and Tang, Jian and Su, Sen},
  booktitle={Distributed Computing Systems (ICDCS), 2014 IEEE 34th International Conference on},
  pages={535--544},
  year={2014},
  organization={IEEE}
}

@inproceedings{raz1997sub,
  title={A sub-constant error-probability low-degree test, and a sub-constant error-probability PCP characterization of NP},
  author={Raz, Ran and Safra, Shmuel},
  booktitle={Proceedings of the twenty-ninth annual ACM symposium on Theory of computing},
  pages={475--484},
  year={1997},
  organization={ACM}
}

@article{feige1998threshold,
  title={A threshold of ln n for approximating set cover},
  author={Feige, Uriel},
  journal={Journal of the ACM (JACM)},
  volume={45},
  number={4},
  pages={634--652},
  year={1998},
  publisher={ACM}
}
@article{gandhi2004approximation,
  title={Approximation algorithms for partial covering problems},
  author={Gandhi, Rajiv and Khuller, Samir and Srinivasan, Aravind},
  journal={Journal of Algorithms},
  volume={53},
  number={1},
  pages={55--84},
  year={2004},
  publisher={Elsevier}
}

@incollection{chekuri2004maximum,
  title={Maximum coverage problem with group budget constraints and applications},
  author={Chekuri, Chandra and Kumar, Amit},
  booktitle={Approximation, Randomization, and Combinatorial Optimization. Algorithms and Techniques},
  pages={72--83},
  year={2004},
  publisher={Springer}
}

@article{cormode2005s,
  title={What's new: Finding significant differences in network data streams},
  author={Cormode, Graham and Muthukrishnan, S},
  journal={IEEE/ACM Transactions on Networking},
  volume={13},
  number={6},
  pages={1219--1232},
  year={2005},
  publisher={IEEE Press}
}

@MISC{cmulec10,
	title={Approximations Algorithms},
	author={Anupam Gupta},
	year={2005},
	publisher={Carnegie Mellon University}
}

@misc{chiosi2012network,
  title={Network functions virtualisation introductory white paper. SDN and OpenFlow World Congress},
  author={Chiosi, Margaret and Clarke, D and Willis, P and others},
  year={2012},
  publisher={Darmstadt-Germany}
}

@inproceedings{li2016network,
  title={Network functions virtualization with soft real-time guarantees},
  author={Li, Yang and Phan, Linh Thi Xuan and Loo, Boon Thau},
  booktitle={Computer Communications, IEEE INFOCOM 2016-The 35th Annual IEEE International Conference on},
  pages={1--9},
  year={2016},
  organization={IEEE}
}

@article{kreutz2015software,
  title={Software-defined networking: A comprehensive survey},
  author={Kreutz, Diego and Ramos, Fernando MV and Verissimo, Paulo Esteves and Rothenberg, Christian Esteve and Azodolmolky, Siamak and Uhlig, Steve},
  journal={Proceedings of the IEEE},
  volume={103},
  number={1},
  pages={14--76},
  year={2015},
  publisher={Ieee}
}

@inproceedings{olteanu2009optimal,
  title={An optimal sensor network for intrusion detection},
  author={Olteanu, Alina and Xiao, Yang and Wu, Kui and Du, Xiaojiang},
  booktitle={Communications, 2009. ICC'09. IEEE International Conference on},
  pages={1--5},
  year={2009},
  organization={IEEE}
}

@inproceedings{cohen2015near,
  title={Near optimal placement of virtual network functions},
  author={Cohen, Rami and Lewin-Eytan, Liane and Naor, Joseph Seffi and Raz, Danny},
  booktitle={Computer Communications (INFOCOM), 2015 IEEE Conference on},
  pages={1346--1354},
  year={2015},
  organization={IEEE}
}


@article{bari2016orchestrating,
  title={Orchestrating virtualized network functions},
  author={Bari, Faizul and Chowdhury, Shihabur Rahman and Ahmed, Reaz and Boutaba, Raouf and Duarte, Otto Carlos Muniz Bandeira},
  journal={IEEE Transactions on Network and Service Management},
  volume={13},
  number={4},
  pages={725--739},
  year={2016},
  publisher={IEEE}
}

@inproceedings{gember2014opennf,
  title={OpenNF: Enabling innovation in network function control},
  author={Gember-Jacobson, Aaron and Viswanathan, Raajay and Prakash, Chaithan and Grandl, Robert and Khalid, Junaid and Das, Sourav and Akella, Aditya},
  booktitle={ACM SIGCOMM Computer Communication Review},
  volume={44},
  number={4},
  pages={163--174},
  year={2014},
  organization={ACM}
}

@article{sallam2018shortest,
  title={Shortest Path and Maximum Flow Problems Under Service Function Chaining Constraints},
  author={Sallam, Gamal and Gupta, Gagan R and Li, Bin and Ji, Bo},
  journal={arXiv preprint arXiv:1801.05795},
  year={2018}
}

@inproceedings{feng2017approximation,
  title={Approximation algorithms for the NFV service distribution problem},
  author={Feng, Hao and Llorca, Jaime and Tulino, Antonia M and Raz, Danny and Molisch, Andreas F},
  booktitle={INFOCOM 2017-IEEE Conference on Computer Communications, IEEE},
  pages={1--9},
  year={2017},
  organization={IEEE}
}

@inproceedings{qazi2013simple,
  title={SIMPLE-fying middlebox policy enforcement using SDN},
  author={Qazi, Zafar Ayyub and Tu, Cheng-Chun and Chiang, Luis and Miao, Rui and Sekar, Vyas and Yu, Minlan},
  booktitle={ACM SIGCOMM computer communication review},
  volume={43},
  number={4},
  pages={27--38},
  year={2013},
  organization={ACM}
}

@article{sherry2012making,
  title={Making middleboxes someone else's problem: network processing as a cloud service},
  author={Sherry, Justine and Hasan, Shaddi and Scott, Colin and Krishnamurthy, Arvind and Ratnasamy, Sylvia and Sekar, Vyas},
  journal={ACM SIGCOMM Computer Communication Review},
  volume={42},
  number={4},
  pages={13--24},
  year={2012},
  publisher={ACM}
}

@inproceedings{palkar2015e2,
  title={E2: a framework for NFV applications},
  author={Palkar, Shoumik and Lan, Chang and Han, Sangjin and Jang, Keon and Panda, Aurojit and Ratnasamy, Sylvia and Rizzo, Luigi and Shenker, Scott},
  booktitle={Proceedings of the 25th Symposium on Operating Systems Principles},
  pages={121--136},
  year={2015},
  organization={ACM}
}

@inproceedings{li2016clicknp,
  title={Clicknp: Highly flexible and high performance network processing with reconfigurable hardware},
  author={Li, Bojie and Tan, Kun and Luo, Layong Larry and Peng, Yanqing and Luo, Renqian and Xu, Ningyi and Xiong, Yongqiang and Cheng, Peng and Chen, Enhong},
  booktitle={Proceedings of the 2016 ACM SIGCOMM Conference},
  pages={1--14},
  year={2016},
  organization={ACM}
}

@inproceedings{gember2014opennf,
  title={OpenNF: Enabling innovation in network function control},
  author={Gember-Jacobson, Aaron and Viswanathan, Raajay and Prakash, Chaithan and Grandl, Robert and Khalid, Junaid and Das, Sourav and Akella, Aditya},
  booktitle={ACM SIGCOMM Computer Communication Review},
  volume={44},
  number={4},
  pages={163--174},
  year={2014},
  organization={ACM}
}

@article{xia2015network,
  title={Network function placement for NFV chaining in packet/optical datacenters},
  author={Xia, Ming and Shirazipour, Meral and Zhang, Ying and Green, Howard and Takacs, Attila},
  journal={Journal of Lightwave Technology},
  volume={33},
  number={8},
  pages={1565--1570},
  year={2015},
  publisher={IEEE}
}

@inproceedings{addis2015virtual,
  title={Virtual network functions placement and routing optimization},
  author={Addis, Bernardetta and Belabed, Dallal and Bouet, Mathieu and Secci, Stefano},
  booktitle={Cloud Networking (CloudNet), 2015 IEEE 4th International Conference on},
  pages={171--177},
  year={2015},
  organization={IEEE}
}

@inproceedings{ghaznavi2015elastic,
  title={Elastic virtual network function placement},
  author={Ghaznavi, Milad and Khan, Aimal and Shahriar, Nashid and Alsubhi, Khalid and Ahmed, Reaz and Boutaba, Raouf},
  booktitle={Cloud Networking (CloudNet), 2015 IEEE 4th International Conference on},
  pages={255--260},
  year={2015},
  organization={IEEE}
}

@article{casazza2017securing,
  title={Securing virtual network function placement with high availability guarantees},
  author={Casazza, Marco and Fouilhoux, Pierre and Bouet, Mathieu and Secci, Stefano},
  journal={arXiv preprint arXiv:1701.07993},
  year={2017}
}

@article{bhamare2017optimal,
  title={Optimal virtual network function placement in multi-cloud service function chaining architecture},
  author={Bhamare, Deval and Samaka, Mohammed and Erbad, Aiman and Jain, Raj and Gupta, Lav and Chan, H Anthony},
  journal={Computer Communications},
  volume={102},
  pages={1--16},
  year={2017},
  publisher={Elsevier}
}

@inproceedings{sang2017provably,
  title={Provably efficient algorithms for joint placement and allocation of virtual network functions},
  author={Sang, Yu and Ji, Bo and Gupta, Gagan R and Du, Xiaojiang and Ye, Lin},
  booktitle={INFOCOM 2017-IEEE Conference on Computer Communications, IEEE},
  pages={1--9},
  year={2017},
  organization={IEEE}
}

@inproceedings{zhang2017joint,
  title={Joint optimization of chain placement and request scheduling for network function virtualization},
  author={Zhang, Qixia and Xiao, Yikai and Liu, Fangming and Lui, John CS and Guo, Jian and Wang, Tao},
  booktitle={Distributed Computing Systems (ICDCS), 2017 IEEE 37th International Conference on},
  pages={731--741},
  year={2017},
  organization={IEEE}
}

@inproceedings{fei2018adaptive,
  title={Adaptive vnf scaling and flow routing with proactive demand prediction},
  author={Fei, Xincai and Liu, Fangming and Xu, Hong and Jin, Hai},
  booktitle={IEEE INFOCOM},
  year={2018}
}

@inproceedings{fei2018joint,
  title={Joint Placement and Routing of Network Function Chains in Data Centers},
  author={Guo, Linqi and Pang, John and Walid, Anwar},
  booktitle={IEEE INFOCOM},
  year={2018}
}

@inproceedings{martins2014clickos,
  title={ClickOS and the art of network function virtualization},
  author={Martins, Joao and Ahmed, Mohamed and Raiciu, Costin and Olteanu, Vladimir and Honda, Michio and Bifulco, Roberto and Huici, Felipe},
  booktitle={Proceedings of the 11th USENIX Conference on Networked Systems Design and Implementation},
  pages={459--473},
  year={2014},
  organization={USENIX Association}
}

@Inbook{Coffman1984,

author="Coffman, E. G.
and Garey, M. R.
and Johnson, D. S.",

editor="Ausiello, G.
and Lucertini, M.
and Serafini, P.",

title="Approximation Algorithms for Bin-Packing --- An Updated Survey",

bookTitle="Algorithm Design for Computer System Design",
year="1984",

publisher="Springer Vienna",
address="Vienna",
pages="49--106",

abstract="This paper updates a survey [53] written about 3 years ago. All of the results mentioned there are covered here as well. However, as a major justification for this second edition we shall be presenting many new results, some of which represent important advances. As a measure of the impressive amount of research in just 3 years, the present reference list more than doubles the list in [53].",
isbn="978-3-7091-4338-4",
doi="10.1007/978-3-7091-4338-4_3",

url="https://doi.org/10.1007/978-3-7091-4338-4_3"
}




@article{sallam2018shortest,
  title={Shortest Path and Maximum Flow Problems Under Service Function Chaining Constraints},
  author={Sallam, Gamal and Gupta, Gagan R and Li, Bin and Ji, Bo},
  journal={arXiv preprint arXiv:1801.05795},
  year={2018}
}

@article{lukovszki2016s,
  title={It's a match!: Near-optimal and incremental middlebox deployment},
  author={Lukovszki, Tam{\'a}s and Rost, Matthias and Schmid, Stefan},
  journal={ACM SIGCOMM Computer Communication Review},
  volume={46},
  number={1},
  pages={30--36},
  year={2016},
  publisher={ACM}
}

@inproceedings{sang2017provably,
  title={Provably efficient algorithms for joint placement and allocation of virtual network functions},
  author={Sang, Yu and Ji, Bo and Gupta, Gagan R and Du, Xiaojiang and Ye, Lin},
  booktitle={INFOCOM 2017-IEEE Conference on Computer Communications, IEEE},
  pages={1--9},
  year={2017},
  organization={IEEE}
}

@inproceedings{li2016network,
  title={Network functions virtualization with soft real-time guarantees},
  author={Li, Yang and Phan, Linh Thi Xuan and Loo, Boon Thau},
  booktitle={INFOCOM 2016-The 35th Annual IEEE International Conference on Computer Communications, IEEE},
  pages={1--9},
  year={2016},
  organization={IEEE}
}

@inproceedings{cohen2015near,
  title={Near optimal placement of virtual network functions},
  author={Cohen, Rami and Lewin-Eytan, Liane and Naor, Joseph Seffi and Raz, Danny},
  booktitle={Computer Communications (INFOCOM), 2015 IEEE Conference on},
  pages={1346--1354},
  year={2015},
  organization={IEEE}
}

@article{bari2016orchestrating,
  title={Orchestrating virtualized network functions},
  author={Bari, Faizul and Chowdhury, Shihabur Rahman and Ahmed, Reaz and Boutaba, Raouf and Duarte, Otto Carlos Muniz Bandeira},
  journal={IEEE Transactions on Network and Service Management},
  volume={13},
  number={4},
  pages={725--739},
  year={2016},
  publisher={IEEE}
}

@inproceedings{zhang2017proactive,
  title={Proactive VNF provisioning with multi-timescale cloud resources: Fusing online learning and online optimization},
  author={Zhang, Xiaoxi and Wu, Chuan and Li, Zongpeng and Lau, Francis CM},
  booktitle={INFOCOM 2017-IEEE Conference on Computer Communications, IEEE},
  pages={1--9},
  year={2017},
  organization={IEEE}
}



@inproceedings{wang2016dynamic,
  title={Dynamic SDN controller assignment in data center networks: Stable matching with transfers},
  author={Wang, Tao and Liu, Fangming and Guo, Jian and Xu, Hong},
  booktitle={INFOCOM 2016-The 35th Annual IEEE International Conference on Computer Communications, IEEE},
  pages={1--9},
  year={2016},
  organization={IEEE}
}

@article{wang2018minimizing,
  title={Minimizing Controller Response Time Through Flow Redirecting in SDNs},
  author={Wang, Pengzhan and Xu, Hongli and Huang, Liusheng and Qian, Chen and Wang, Shaowei and Sun, Yanjing},
  journal={IEEE/ACM Transactions on Networking},
  year={2018},
  publisher={IEEE}
}

@article{sallam2018shortest,
  title={Shortest Path and Maximum Flow Problems Under Service Function Chaining Constraints},
  author={Sallam, Gamal and Gupta, Gagan R and Li, Bin and Ji, Bo},
  journal={arXiv preprint arXiv:1801.05795},
  year={2018}
}



@inproceedings{cao2014traffic,
  title={Traffic steering in software defined networks: Planning and online routing},
  author={Cao, Zizhong and Kodialam, Murali and Lakshman, TV},
  booktitle={ACM SIGCOMM Computer Communication Review},
  volume={44},
  number={4},
  pages={65--70},
  year={2014},
  organization={ACM}
}

@article{charikar2018multi,
  title={Multi-commodity flow with in-network processing},
  author={Charikar, Moses and Naamad, Yonatan and Rexford, Jennifer and Zou, X Kelvin},
  journal={arXiv preprint arXiv:1802.09118},
  year={2018}
}
@article{arora2012multiplicative,
  title={The Multiplicative Weights Update Method: a Meta-Algorithm and Applications.},
  author={Arora, Sanjeev and Hazan, Elad and Kale, Satyen},
  journal={Theory of Computing},
  volume={8},
  number={1},
  pages={121--164},
  year={2012}
}

@techreport{quinn2015problem,
  title={Problem statement for service function chaining},
  author={Quinn, Paul and Nadeau, Tom},
  year={2015}
}

@techreport{moy1997ospf,
  title={OSPF version 2},
  author={Moy, John},
  year={1997}
}

@inproceedings{xu2017scalable,
  title={Scalable software-defined networking through hybrid switching},
  author={Xu, Hongli and Huang, He and Chen, Shigang and Zhao, Gongming},
  booktitle={INFOCOM 2017-IEEE Conference on Computer Communications, IEEE},
  pages={1--9},
  year={2017},
  organization={IEEE}
}

@inproceedings{qazi2013simple,
  title={SIMPLE-fying middlebox policy enforcement using SDN},
  author={Qazi, Zafar Ayyub and Tu, Cheng-Chun and Chiang, Luis and Miao, Rui and Sekar, Vyas and Yu, Minlan},
  booktitle={ACM SIGCOMM computer communication review},
  volume={43},
  number={4},
  pages={27--38},
  year={2013},
  organization={ACM}
}

@article{kuo2018deploying,
  title={Deploying chains of virtual network functions: On the relation between link and server usage},
  author={Kuo, Tung-Wei and Liou, Bang-Heng and Lin, Kate Ching-Ju and Tsai, Ming-Jer},
  journal={IEEE/ACM Transactions on Networking (TON)},
  volume={26},
  number={4},
  pages={1562--1576},
  year={2018},
  publisher={IEEE Press}
}

@techreport{halpern2015service,
  title={Service function chaining (sfc) architecture},
  author={Halpern, Joel and Pignataro, Carlos},
  year={2015}
}

@inproceedings{kandula2009nature,
  title={The nature of data center traffic: measurements \& analysis},
  author={Kandula, Srikanth and Sengupta, Sudipta and Greenberg, Albert and Patel, Parveen and Chaiken, Ronnie},
  booktitle={Proceedings of the 9th ACM SIGCOMM conference on Internet measurement},
  pages={202--208},
  year={2009},
  organization={ACM}
}

@inproceedings{filsfils2015segment,
  title={The segment routing architecture},
  author={Filsfils, Clarence and Nainar, Nagendra Kumar and Pignataro, Carlos and Cardona, Juan Camilo and Francois, Pierre},
  booktitle={Global Communications Conference (GLOBECOM)},
  pages={1--6},
  year={2015},
  organization={IEEE}
}

@article{abdullah2018segment,
  title={Segment Routing in Software Defined Networks: A Survey},
  author={Abdullah, Zahraa N and Ahmad, Imtiaz and Hussain, Iftekhar},
  journal={IEEE Communications Surveys \& Tutorials},
  year={2018},
  publisher={IEEE}
}

@inproceedings{friedrich2009near,
  title={Near-perfect load balancing by randomized rounding},
  author={Friedrich, Tobias and Sauerwald, Thomas},
  booktitle={Proceedings of the forty-first annual ACM symposium on Theory of computing},
  pages={121--130},
  year={2009},
  organization={ACM}
}

@inproceedings{guo2016dynamic,
  title={Dynamic service function chaining in SDN-enabled networks with middleboxes},
  author={Guo, Linqi and Pang, John and Walid, Anwar},
  booktitle={Network Protocols (ICNP), 2016 IEEE 24th International Conference on},
  pages={1--10},
  year={2016},
  organization={IEEE}
}

@inproceedings{dwaraki2016adaptive,
  title={Adaptive service-chain routing for virtual network functions in software-defined networks},
  author={Dwaraki, Abhishek and Wolf, Tilman},
  booktitle={Proceedings of the 2016 workshop on Hot topics in Middleboxes and Network Function Virtualization},
  pages={32--37},
  year={2016},
  organization={ACM}
}

@inproceedings{guedrez2016label,
  title={Label encoding algorithm for MPLS segment routing},
  author={Guedrez, Rabah and Dugeon, Olivier and Lahoud, Samer and Texier, G{\'e}raldine},
  booktitle={Network Computing and Applications (NCA), 2016 IEEE 15th International Symposium on},
  pages={113--117},
  year={2016},
  organization={IEEE}
}

@inproceedings{cianfrani2016translating,
  title={Translating traffic engineering outcome into segment routing paths: The encoding problem},
  author={Cianfrani, Antonio and Listanti, Marco and Polverini, Marco},
  booktitle={Computer Communications Workshops (INFOCOM WKSHPS), 2016 IEEE Conference on},
  pages={245--250},
  year={2016},
  organization={IEEE}
}

@inproceedings{giorgetti2015path,
  title={Path encoding in segment routing},
  author={Giorgetti, Alessio and Castoldi, Piero and Cugini, Filippo and Nijhof, Jeroen and Lazzeri, Francesco and Bruno, Gianmarco},
  booktitle={Global Communications Conference (GLOBECOM), 2015 IEEE},
  pages={1--6},
  year={2015},
  organization={IEEE}
}

@article{	,
  title={OpenFlow: enabling innovation in campus networks (OpenFlow White Paper)},
  author={McKeown, N and Anderson, T and Balakrishnan, H and Parulkar, G and Peterson, L and Rexford, J and Shenker, S and Turner, J},
  journal={Online: http://www. openflowswitch. org},
  year={2008}
}

@inproceedings{cohen2014effect,
  title={On the effect of forwarding table size on SDN network utilization},
  author={Cohen, Rami and Lewin-Eytan, Liane and Naor, Joseph Seffi and Raz, Danny},
  booktitle={INFOCOM, 2014 Proceedings IEEE},
  pages={1734--1742},
  year={2014},
  organization={IEEE}
}

@inproceedings{filsfils2015segment,
  title={The segment routing architecture},
  author={Filsfils, Clarence and Nainar, Nagendra Kumar and Pignataro, Carlos and Cardona, Juan Camilo and Francois, Pierre},
  booktitle={Global Communications Conference (GLOBECOM), 2015 IEEE},
  pages={1--6},
  year={2015},
  organization={IEEE}
}

@Misc{support.huawei.com,

howpublished = {\url{http://support.huawei.com/enterprise/en/doc/EDOC1000173015?idPath=7919710|9856750|22715517|22896249|19896202}},

note = {Accessed Dec 19, 2018},

title = {SR-TE in IPv4 Segment Routing},

author = {}

}

@article{mckeown2008openflow,
  title={OpenFlow: enabling innovation in campus networks (OpenFlow White Paper)},
  author={McKeown, N and Anderson, T and Balakrishnan, H and Parulkar, G and Peterson, L and Rexford, J and Shenker, S and Turner, J},
  journal={Online: http://www. openflowswitch. org},
  year={2008}
}

@inproceedings{davoli2015traffic,
  title={Traffic engineering with segment routing: SDN-based architectural design and open source implementation},
  author={Davoli, Luca and Veltri, Luca and Ventre, Pier Luigi and Siracusano, Giuseppe and Salsano, Stefano},
  booktitle={Software Defined Networks (EWSDN), 2015 Fourth European Workshop on},
  pages={111--112},
  year={2015},
  organization={IEEE}
}

@inproceedings{bhatia2015optimized,
  title={Optimized network traffic engineering using segment routing},
  author={Bhatia, Randeep and Hao, Fang and Kodialam, Murali and Lakshman, TV},
  booktitle={Computer Communications (INFOCOM), 2015 IEEE Conference on},
  pages={657--665},
  year={2015},
  organization={IEEE}
}

@inproceedings{qazi2013simple,
  title={SIMPLE-fying middlebox policy enforcement using SDN},
  author={Qazi, Zafar Ayyub and Tu, Cheng-Chun and Chiang, Luis and Miao, Rui and Sekar, Vyas and Yu, Minlan},
  booktitle={ACM SIGCOMM computer communication review},
  volume={43},
  number={4},
  pages={27--38},
  year={2013},
  organization={ACM}
}

@inproceedings{guo2016dynamic,
  title={Dynamic service function chaining in SDN-enabled networks with middleboxes},
  author={Guo, Linqi and Pang, John and Walid, Anwar},
  booktitle={Network Protocols (ICNP), 2016 IEEE 24th International Conference on},
  pages={1--10},
  year={2016},
  organization={IEEE}
}

@inproceedings{gushchin2015scalable,
  title={Scalable routing in SDN-enabled networks with consolidated middleboxes},
  author={Gushchin, Andrey and Walid, Anwar and Tang, Ao},
  booktitle={Proceedings of the 2015 ACM SIGCOMM Workshop on Hot Topics in Middleboxes and Network Function Virtualization},
  pages={55--60},
  year={2015},
  organization={ACM}
}
@inproceedings{iselt2004resilient,
  title={Resilient routing using MPLS and ECMP},
  author={Iselt, A and Kirstadter, A and Pardigon, A and Schwabe, Thomas},
  booktitle={High Performance Switching and Routing, 2004. HPSR. 2004 Workshop on},
  pages={345--349},
  year={2004},
  organization={IEEE}
}
@article{dijkstra1959note,
  title={A note on two problems in connexion with graphs},
  author={Dijkstra, Edsger W},
  journal={Numerische mathematik},
  volume={1},
  number={1},
  pages={269--271},
  year={1959},
  publisher={Springer}
}

@article{xu2018task,
  title={Task Offloading with Network Function Requirements in a Mobile Edge-Cloud Network},
  author={Xu, Zichuan and Liang, Weifa and Jia, Mike and Huang, Meitian and Mao, Guoqiang},
  journal={IEEE Transactions on Mobile Computing},
  year={2018},
  publisher={IEEE}
}

@article{chen2017deterministic,
  title={Deterministic quality of service guarantee for dynamic service chaining in software defined networking},
  author={Chen, Yu-Jia and Wang, Li-Chun and Lin, Feng-Yi and Lin, Bao-Shuh Paul},
  journal={IEEE Transactions on Network and Service Management},
  volume={14},
  number={4},
  pages={991--1002},
  year={2017},
  publisher={IEEE}
}

@inproceedings{xu2017scalable,
  title={Scalable software-defined networking through hybrid switching},
  author={Xu, Hongli and Huang, He and Chen, Shigang and Zhao, Gongming},
  booktitle={INFOCOM 2017-IEEE Conference on Computer Communications, IEEE},
  pages={1--9},
  year={2017},
  organization={IEEE}
}

@article{zhao2018hybrid,
  title={Hybrid routing by joint optimization of per-flow routing and tag-based routing in software-defined networks},
  author={Zhao, Gongming and Huang, Liusheng and Li, Ziqiang and Xu, Hongli},
  journal={Tsinghua Science and Technology},
  volume={23},
  number={4},
  pages={440--452},
  year={2018},
  publisher={TUP}
}

@article{li2018virtual,
  title={Virtual network function placement considering resource optimization and SFC requests in cloud datacenter},
  author={Li, Defang and Hong, Peilin and Xue, Kaiping and others},
  journal={IEEE Transactions on Parallel and Distributed Systems},
  volume={29},
  number={7},
  pages={1664--1677},
  year={2018},
  publisher={IEEE}
}

@inproceedings{jin2014dynamic,
  title={Dynamic scheduling of network updates},
  author={Jin, Xin and Liu, Hongqiang Harry and Gandhi, Rohan and Kandula, Srikanth and Mahajan, Ratul and Zhang, Ming and Rexford, Jennifer and Wattenhofer, Roger},
  booktitle={ACM SIGCOMM Computer Communication Review},
  volume={44},
  number={4},
  pages={539--550},
  year={2014},
  organization={ACM}
}


@inproceedings{xu2017minimizing,
  title={Minimizing flow statistics collection cost of SDN using wildcard requests},
  author={Xu, Hongli and Yu, Zhuolong and Qian, Chen and Li, Xiang-Yang and Liu, Zichun},
  booktitle={IEEE INFOCOM 2017-IEEE Conference on Computer Communications},
  pages={1--9},
  year={2017},
  organization={IEEE}
}
@inproceedings{wang2019flowmap,
  title={FlowMap: A Fine-Grained Flow Measurement Approach for Data-Center Networks},
  author={Wang, Xiong and Liu, Hanyu and Zhang, Jun and Ren, Jing and Wang, Sheng and Xu, Shizhong},
  booktitle={ICC 2019-2019 IEEE International Conference on Communications (ICC)},
  pages={1--7},
  year={2019},
  organization={IEEE}
}
@article{homem2010finding,
  title={Finding top-k elements in data streams},
  author={Homem, Nuno and Carvalho, Joao Paulo},
  journal={Information Sciences},
  volume={180},
  number={24},
  pages={4958--4974},
  year={2010},
  publisher={Elsevier}
}
@article{cormode2005s,
  title={What's new: Finding significant differences in network data streams},
  author={Cormode, Graham and Muthukrishnan, Shan},
  journal={IEEE/ACM Transactions on Networking (TON)},
  volume={13},
  number={6},
  pages={1219--1232},
  year={2005},
  publisher={IEEE Press}
}
@inproceedings{charikar2002finding,
  title={Finding frequent items in data streams},
  author={Charikar, Moses and Chen, Kevin and Farach-Colton, Martin},
  booktitle={International Colloquium on Automata, Languages, and Programming},
  pages={693--703},
  year={2002},
  organization={Springer}
}
@inproceedings{wang2014scotch,
  title={Scotch: Elastically scaling up sdn control-plane using vswitch based overlay},
  author={Wang, An and Guo, Yang and Hao, Fang and Lakshman, TV and Chen, Songqing},
  booktitle={Proceedings of the 10th ACM International on Conference on emerging Networking Experiments and Technologies},
  pages={403--414},
  year={2014},
  organization={ACM}
}

@article{murata2016evolvable,
  title={An Evolvable Approach for the Virtual Network Function Placement Problem in Varying Environments},
  author={Murata, Masayuki and Otokura, Mari},
  year={2016}
}

@article{wang2018integrating,
  title={Integrating coflow and circuit scheduling for optical networks},
  author={Wang, Haibo and Yu, Xiwen and Xu, Hongli and Fan, Jingyuan and Qiao, Chunming and Huang, Liusheng},
  journal={IEEE Transactions on Parallel and Distributed Systems},
  volume={30},
  number={6},
  pages={1346--1358},
  year={2018},
  publisher={IEEE}
}

@article{antoniou2002log,
  title={On the log-normal distribution of network traffic},
  author={Antoniou, Ioannis and Ivanov, Victor V and Ivanov, Valery V and Zrelov, PV},
  journal={Physica D: Nonlinear Phenomena},
  volume={167},
  number={1-2},
  pages={72--85},
  year={2002},
  publisher={Elsevier}
}

@inproceedings{dulman2003trade,
  title={Trade-off between traffic overhead and reliability in multipath routing for wireless sensor networks},
  author={Dulman, Stefan and Nieberg, Tim and Wu, Jian and Havinga, Paul},
  booktitle={2003 IEEE Wireless Communications and Networking, 2003. WCNC 2003.},
  volume={3},
  pages={1918--1922},
  year={2003},
  organization={IEEE}
}
@book{le2001network,
  title={Network calculus: a theory of deterministic queuing systems for the internet},
  author={Le Boudec, Jean-Yves and Thiran, Patrick},
  volume={2050},
  year={2001},
  publisher={Springer Science \& Business Media}
}

@inproceedings{zhao2019safe,
  title={SAFE-ME: Scalable and Flexible Middlebox Policy Enforcement with Software Defined Networking},
  author={Zhao, Gongming and Xu, Hongli and Liu, Jianchun and Qian, Chen and Ge, Juncheng and Huang, Liusheng},
  booktitle={2019 IEEE 27th International Conference on Network Protocols (ICNP)},
  pages={1--11},
  year={2019},
  organization={IEEE}
}

@inproceedings{sekar2012design,
  title={Design and implementation of a consolidated middlebox architecture},
  author={Sekar, Vyas and Egi, Norbert and Ratnasamy, Sylvia and Reiter, Michael K and Shi, Guangyu},
  booktitle={Presented as part of the 9th $\{$USENIX$\}$ Symposium on Networked Systems Design and Implementation ($\{$NSDI$\}$ 12)},
  pages={323--336},
  year={2012}
}

@inproceedings{gushchin2015scalable,
  title={Scalable routing in SDN-enabled networks with consolidated middleboxes},
  author={Gushchin, Andrey and Walid, Anwar and Tang, Ao},
  booktitle={Proceedings of the 2015 ACM SIGCOMM Workshop on Hot Topics in Middleboxes and Network Function Virtualization},
  pages={55--60},
  year={2015}
}

@article{wang2018minimizing,
  title={Minimizing controller response time through flow redirecting in sdns},
  author={Wang, Pengzhan and Xu, Hongli and Huang, Liusheng and Qian, Chen and Wang, Shaowei and Sun, Yanjing},
  journal={IEEE/ACM Transactions on Networking},
  volume={26},
  number={1},
  pages={562--575},
  year={2018},
  publisher={IEEE}
}
